@article{Iizumi2009,
author = {Iizumi, Toshichika and Yokozawa, Masayuki and Nishimori, Motoki},
doi = {10.1016/j.agrformet.2008.08.015},
file = {:Users/pulsar/GoogleDrive/Research Papers/Iizumi+2009+AFM+PRYSBI+Rice+Japan.pdf:pdf},
isbn = {0168-1923},
issn = {01681923},
journal = {Agricultural and Forest Meteorology},
keywords = {Bayesian approach,Large-scale crop model for paddy rice,Markov Chain Monte Carlo (MCMC),Parameter optimization,Uncertainty of parameters},
number = {2},
pages = {333--348},
title = {{Parameter estimation and uncertainty analysis of a large-scale crop model for paddy rice: Application of a Bayesian approach}},
volume = {149},
year = {2009}
},
@article{iizumi2013prediction,
  title={Prediction of seasonal climate-induced variations in global food production},
  author={Iizumi, Toshichika and Sakuma, Hirofumi and Yokozawa, Masayuki and Luo, Jing-Jia and Challinor, Andrew J and Brown, Molly E and Sakurai, Gen and Yamagata, Toshio},
  journal={Nature climate change},
  volume={3},
  number={10},
  pages={904--908},
  year={2013},
  publisher={Nature Publishing Group}
},
@Manual{caret2016,
  title = {caret: Classification and Regression Training},
  author = {Max Kuhn. Contributions from Jed Wing and Steve Weston and Andre Williams and Chris Keefer and Allan Engelhardt and Tony Cooper and Zachary Mayer and Brenton Kenkel and the R Core Team and Michael Benesty and Reynald Lescarbeau and Andrew Ziem and Luca Scrucca and Yuan Tang and Can Candan.},
  year = {2016},
  note = {R package version 6.0-68},
  url = {https://CRAN.R-project.org/package=caret
},
@Manual{apppred2014,
  title = {AppliedPredictiveModeling: Functions and Data Sets for 'Applied Predictive Modeling'},
  author = {Max Kuhn and Kjell Johnson},
  year = {2014},
  note = {R package version 1.1-6},
  url = {https://CRAN.R-project.org/package=AppliedPredictiveModeling},
}
@article{Lobell2010,
author = {Lobell, David B. and Burke, Marshall B.},
doi = {10.1016/j.agrformet.2010.07.008},
file = {:Users/pulsar/GoogleDrive/Research Papers/lobell{\_}burke{\_}2010{\_}AFM.pdf:pdf},
isbn = {0168-1923},
issn = {01681923},
journal = {Agricultural and Forest Meteorology},
keywords = {Africa,CERES-Maize,Maize,Marksim},
number = {11},
pages = {1443--1452},
pmid = {21178242},
publisher = {Elsevier B.V.},
title = {{On the use of statistical models to predict crop yield responses to climate change}},
url = {http://dx.doi.org/10.1016/j.agrformet.2010.07.008},
volume = {150},
year = {2010}
},
@article{Naderloo2012,
author = {Naderloo, Leila and Alimardani, Reza and Omid, Mahmoud and Sarmadian, Fereydoon and Javadikia, Payam and Torabi, Mohammad Yaser and Alimardani, Fatemeh},
doi = {10.1016/j.measurement.2012.03.025},
file = {:Users/pulsar/GoogleDrive/Research Papers/naderloo2012.pdf:pdf},
issn = {02632241},
journal = {Measurement: Journal of the International Measurement Confederation},
keywords = {ANFIS,Artificial intelligence,Energy consumption,Wheat,Yield},
number = {6},
pages = {1406--1413},
publisher = {Elsevier Ltd},
title = {{Application of ANFIS to predict crop yield based on different energy inputs}},
url = {http://dx.doi.org/10.1016/j.measurement.2012.03.025},
volume = {45},
year = {2012}
},
@article{Rauff2015,
author = {Rauff, Kazeem O and Bello, Rasaq},
file = {:Users/pulsar/GoogleDrive/Research Papers/AS{\_}2015092915562435.pdf:pdf},
keywords = {Simulate, Aggregation, Automated Stations, Solar R,aggregation,automated stations,policy management,simulate,solar radiation},
number = {September},
pages = {1098--1105},
title = {{A Review of Crop Growth Simulation Models as Tools for Agricultural Meteorology}},
year = {2015}
},
@article{Gonzalez-Sanchez2014,
author = {Gonzalez-Sanchez, a},
doi = {10.5424/sjar/2014122-4439},
file = {:Users/pulsar/GoogleDrive/Research Papers/4439-17641-1-PB.pdf:pdf},
issn = {2171-9292},
journal = {Spanish Journal of Agricultural Research},
number = {2},
pages = {313--328},
title = {{Predictive ability of machine learning methods for massive crop yield prediction}},
url = {http://revistas.inia.es/index.php/sjar/article/view/4439},
volume = {12},
year = {2014}
},
@article{Shi2013,
doi = {10.1007/s11442-013-1029-3},
file = {:Users/pulsar/GoogleDrive/Research Papers/wenjiao2013.pdf:pdf},
issn = {1009637X},
journal = {Journal of Geographical Sciences},
keywords = {adaptation,climate change,crop yield,influence,statistical model},
number = {3},
pages = {567--576},
title = {{A review on statistical models for identifying climate contributions to crop yields}},
volume = {23},
year = {2013}
},
@book{lobell2009climate,
  title={Climate change and food security: adapting agriculture to a warmer world},
  author={Lobell, David B and Burke, Marshall},
  volume={37},
  year={2009},
  publisher={Springer Science \& Business Media}
},
@article{Wolfram2010,
author = {Wolfram, Schlenker and David, B Lobell},
doi = {10.1088/1748-9326/5/1/014010},
file = {:Users/pulsar/GoogleDrive/Research Papers/10.1.1.467.9868.pdf:pdf},
isbn = {1748-9326},
issn = {1748-9326},
journal = {Environmental Research Letters},
keywords = {014010,5,available from stacks,crop response function,degree days,erl,food security,iop,mmedia,org,s online supplementary data},
number = {1},
pages = {14010},
title = {{Robust negative impacts of climate change on African agriculture}},
url = {http://stacks.iop.org/1748-9326/5/i=1/a=014010},
volume = {5},
year = {2010}
}






