@article{SJAR4439,
	author = {Alberto Gonzalez-Sanchez and Juan Frausto-Solis and Waldo Ojeda-Bustamante},
	title = {Predictive ability of machine learning methods for massive crop yield prediction},
	journal = {Spanish Journal of Agricultural Research},
	volume = {12},
	number = {2},
	year = {2014},
	keywords = {regression trees; neural networks; support vector regression; k-nearest neighbor; multiple linear regression},
	issn = {2171-9292},
	url = {http://revistas.inia.es/index.php/sjar/article/view/4439},
	pages = {313--328}
},
@article{Lobell2010,
author = {Lobell, David B. and Burke, Marshall B.},
doi = {10.1016/j.agrformet.2010.07.008},
file = {:Users/pulsar/GoogleDrive/Research Papers/lobell{\_}burke{\_}2010{\_}AFM.pdf:pdf},
isbn = {0168-1923},
issn = {01681923},
journal = {Agricultural and Forest Meteorology},
keywords = {Africa,CERES-Maize,Maize,Marksim},
number = {11},
pages = {1443--1452},
pmid = {21178242},
publisher = {Elsevier B.V.},
title = {{On the use of statistical models to predict crop yield responses to climate change}},
url = {http://dx.doi.org/10.1016/j.agrformet.2010.07.008},
volume = {150},
year = {2010}
},
@article{McQueen1995,
author = {McQueen, Robert J. and Garner, Stephen R. and Nevill-Manning, Craig G. and Witten, Ian H.},
doi = {10.1016/0168-1699(95)98601-9},
file = {:Users/pulsar/GoogleDrive/Research Papers/McQueen95-Comp-Elec-Agri.pdf:pdf},
issn = {01681699},
journal = {Computers and Electronics in Agriculture},
keywords = {Culling management,Databases,Expert systems,Knowledge systems,Machine learning},
number = {4},
pages = {275--293},
title = {{Applying machine learning to agricultural data}},
volume = {12},
year = {1995}
}

